%% LaTeX2e file `paper.bib'
%% generated by the `filecontents' environment
%% from source `paper' on 2020/02/23.
%%
%-------------------------------------------------------------------------------


@misc{envoy,
        title={Envoy Proxy - Home},
        note= {\url{https://www.envoyproxy.io/}},
        journal={Envoy Proxy - Home}
}

@misc{istio,
        title={Istio},
        note= {\url{https://istio.io/}},
        journal={Istio}
}

@misc{ipc_perf,
      title={IPC Performance},
      note= {\url{https://stackoverflow.com/questions/1235958/ipc-performance-named-pipe-vs-socket/54164058#54164058}},
      journal = {Stack Overflow},
}