%% LaTeX2e file `paper.bib'
%% generated by the `filecontents' environment
%% from source `paper' on 2020/02/23.
%%
%-------------------------------------------------------------------------------


@misc{envoy,
        title={Envoy Proxy - Home},
        note= {\url{https://www.envoyproxy.io/}},
        journal={Envoy Proxy - Home}
}

@misc{envoy_perf,
    title={Best Practices: Benchmarking Service Mesh Performance},
    note= {\url{https://istio.io/blog/2019/performance-best-practices/}},
    journal={Envoy Proxy - Home}
}

@misc{ldtrick,
	title = {Correct usage of LD\_PRELOAD for hooking libc functions},
	authro = {Tudor Brindus},
	note = {\url{https://tbrindus.ca/correct-ld-preload-hooking-libc/}}
}

@misc{istio,
        title={Istio},
        note= {\url{https://istio.io/}},
        journal={Istio}
}

@misc{ipcperf,
      title={IPC Performance},
      note= {\url{https://stackoverflow.com/questions/1235958/ipc-performance-named-pipe-vs-socket/54164058#54164058}},
      journal = {Stack Overflow},
}

@misc{ldpreload,
    title = {LD\_PRELOAD documentation},
    note= {\url{http://man7.org/linux/man-pages/man8/ld.so.8.html}},
}

@misc{flask,
    title = {Flask},
    note= {\url{https://flask.palletsprojects.com/en/1.1.x/}},
}

@misc{envoy_image,
    author = {Jimmy Song},
    note={\url{https://jimmysong.io/}}
}

@inproceedings{netkernel,
    author = {Niu, Zhixiong and Xu, Hong and Han, Dongsu and Cheng, Peng and Xiong, Yongqiang and Chen, Guo and Winstein, Keith},
    title = {Network Stack as a Service in the Cloud},
    year = {2017},
    isbn = {9781450355698},
    publisher = {Association for Computing Machinery},
    address = {New York, NY, USA},
    url = {https://doi.org/10.1145/3152434.3152442},
    doi = {10.1145/3152434.3152442},
    booktitle = {Proceedings of the 16th ACM Workshop on Hot Topics in Networks},
    pages = {65â€“71},
    numpages = {7},
    location = {Palo Alto, CA, USA},
    series = {HotNets-XVI}
}

@inproceedings {slimos,
    author = {Danyang Zhuo and Kaiyuan Zhang and Yibo Zhu and Hongqiang Harry Liu and Matthew Rockett and Arvind Krishnamurthy and Thomas Anderson},
    title = {Slim: {OS} Kernel Support for a Low-Overhead Container Overlay Network},
    booktitle = {16th {USENIX} Symposium on Networked Systems Design and Implementation ({NSDI} 19)},
    year = {2019},
    isbn = {978-1-931971-49-2},
    address = {Boston, MA},
    pages = {331-344},
    url = {https://www.usenix.org/conference/nsdi19/presentation/zhuo},
    publisher = {{USENIX} Association},
    month = feb
}

@software {tiny,
	author = {Dave O'Hallaron},
	title = {tiny web server}, 
	url = {http://csapp.cs.cmu.edu/2e/ics2/code/netp/tiny/tiny.c}
}